@inproceedings{g3.chowdhury2014payless,
  title={Payless: A low cost network monitoring framework for software defined networks},
  author={Chowdhury, Shihabur Rahman and Bari, Md Faizul and Ahmed, Reaz and Boutaba, Raouf},
  booktitle={2014 IEEE Network Operations and Management Symposium (NOMS)},
  pages={1--9},
  year={2014},
  organization={IEEE}
}

@inproceedings{g3.yu2013flowsense,
  title={Flowsense: Monitoring network utilization with zero measurement cost},
  author={Yu, Curtis and Lumezanu, Cristian and Zhang, Yueping and Singh, Vishal and Jiang, Guofei and Madhyastha, Harsha V},
  booktitle={International Conference on Passive and Active Network Measurement},
  pages={31--41},
  year={2013},
  organization={Springer}
}
